
@article{kraft1988software,
  title={A software package for sequential quadratic programming},
  author={Kraft, Dieter},
  journal={Forschungsbericht- Deutsche Forschungs- und Versuchsanstalt fur Luft- und Raumfahrt},
  year={1988}
}

@article{kraft1994algorithm,
  title={Algorithm 733: TOMP--Fortran modules for optimal control calculations},
  author={Kraft, Dieter},
  journal={ACM Transactions on Mathematical Software (TOMS)},
  volume={20},
  number={3},
  pages={262--281},
  year={1994},
  publisher={ACM New York, NY, USA}
}

@article{gill2005snopt,
  title     = {SNOPT: An SQP algorithm for large-scale constrained optimization},
  author    = {Gill, Philip E and Murray, Walter and Saunders, Michael A},
  journal   = {SIAM review},
  volume    = {47},
  number    = {1},
  pages     = {99--131},
  year      = {2005},
  publisher = {SIAM},
  doi       = {https://doi.org/10.1137/S0036144504446096}
}

@article{virtanen2020scipy,
  title={SciPy 1.0: fundamental algorithms for scientific computing in Python},
  author={Virtanen, Pauli and Gommers, Ralf and Oliphant, Travis E and Haberland, Matt and Reddy, Tyler and Cournapeau, David and Burovski, Evgeni and Peterson, Pearu and Weckesser, Warren and Bright, Jonathan and others},
  journal={Nature methods},
  volume={17},
  number={3},
  pages={261--272},
  year={2020},
  publisher={Nature Publishing Group},
  doi       = {https://doi.org/10.1038/s41592-019-0686-2}
}

@article{wu2020pyoptsparse,
  title={pyOptSparse: A Python framework for large-scale constrained nonlinear optimization of sparse systems},
  author={Wu, Neil and Kenway, Gaetan and Mader, Charles A and Jasa, John and Martins, Joaquim RRA},
  journal={Journal of Open Source Software},
  volume={5},
  number={54},
  pages={2564},
  year={2020},
  doi={https://doi.org/10.21105/joss.02564}
}

@article{perez2012pyopt,
  title={pyOpt: a Python-based object-oriented framework for nonlinear constrained optimization},
  author={Perez, Ruben E and Jansen, Peter W and Martins, Joaquim RRA},
  journal={Structural and Multidisciplinary Optimization},
  volume={45},
  pages={101--118},
  year={2012},
  publisher={Springer},
  doi={https://doi.org/10.1007/s00158-011-0666-3}
}

@misc{NLopt,
    author = {Steven G. Johnson},
    title  = {The {NLopt} nonlinear-optimization package},
    url    = {http://github.com/stevengj/nlopt},
    year   = {2024}
}

@misc{modOpt,
    author = {Anugrah Jo Joshy},
    title  = {A MODular development environment and library for OPTimization algorithms},
    url    = {https://github.com/LSDOlab/modopt},
    year   = {2024}
}
